@article{deelstra1998convergence,
	title={Convergence of discretized stochastic (interest rate) processes with stochastic drift term},
	author={DEELSTRA, G and DELBAEN, F},
	journal={Applied stochastic models and data analysis},
	volume={14},
	number={1},
	pages={77--84},
	year={1998},
	publisher={Wiley}
}


@article{berkaoui2008euler,
	title={Euler scheme for SDEs with non-Lipschitz diffusion coefficient: strong convergence},
	author={Berkaoui, Abdel and Bossy, Mireille and Diop, Awa},
	journal={ESAIM: Probability and Statistics},
	volume={12},
	pages={1--11},
	year={2008},
	publisher={EDP Sciences}
}

@article{alfonsi2005discretization,
	title={On the discretization schemes for the CIR (and Bessel squared) processes},
	author={Alfonsi, Aur{\'e}lien},
	journal={Monte Carlo Methods and Applications mcma},
	volume={11},
	number={4},
	pages={355--384},
	year={2005}
}



@article{alfonsi2008second,
	title={A second-order discretization scheme for the CIR process: application to the Heston model},
	author={Alfonsi, Aur{\'e}lien},
	journal={Preprint CERMICS hal-00143723},
	volume={14},
	year={2008}
}

@article{alfonsi2010high,
	title={High order discretization schemes for the CIR process: application to affine term structure and Heston models},
	author={Alfonsi, Aur{\'e}lien},
	journal={Mathematics of Computation},
	volume={79},
	number={269},
	pages={209--237},
	year={2010}
}

@book{mao2007stochastic,
	title={Stochastic differential equations and applications},
	author={Mao, Xuerong},
	year={2007},
	publisher={Elsevier}
}


@article{lord2010comparison,
	title={A comparison of biased simulation schemes for stochastic volatility models},
	author={Lord, Roger and Koekkoek, Remmert and Dijk, Dick Van},
	journal={Quantitative Finance},
	volume={10},
	number={2},
	pages={177--194},
	year={2010},
	publisher={Taylor \& Francis}
}


@article{bayersmoothing,
	title={SMOOTHING THE PAYOFF FOR EFFICIENT COMPUTATION OF BASKET OPTION PRICING},
	author={BAYER, CHRISTIAN and SIEBENMORGEN, MARKUS and TEMPONE, RAUL}
}



@article{haji2016multi,
	title={Multi-index stochastic collocation for random PDEs},
	author={Haji-Ali, Abdul-Lateef and Nobile, Fabio and Tamellini, Lorenzo and Tempone, Raul},
	journal={Computer Methods in Applied Mechanics and Engineering},
	volume={306},
	pages={95--122},
	year={2016},
	publisher={Elsevier}
}




@article{gerstner2007sparse,
	title={Sparse grid quadrature methods for computational finance},
	author={Gerstner, Thomas}
}




@article{gerstner2008valuation,
	title={Valuation of Performance-Dependent Options},
	author={Gerstner, Thomas and Holtz, Markus},
	journal={Applied Mathematical Finance},
	volume={15},
	number={1},
	pages={1--20},
	year={2008},
	publisher={Taylor \& Francis}
}



@article{bayer2016pricing,
	title={Pricing under rough volatility},
	author={Bayer, Christian and Friz, Peter and Gatheral, Jim},
	journal={Quantitative Finance},
	volume={16},
	number={6},
	pages={887--904},
	year={2016},
	publisher={Taylor \& Francis}
}



@article{mccrickerd2017turbocharging,
	title={Turbocharging Monte Carlo pricing for the rough Bergomi model},
	author={McCrickerd, Ryan and Pakkanen, Mikko S},
	journal={arXiv preprint arXiv:1708.02563},
	year={2017}
}


@article{romano1997contingent,
	title={Contingent claims and market completeness in a stochastic volatility model},
	author={Romano, Marc and Touzi, Nizar},
	journal={Mathematical Finance},
	volume={7},
	number={4},
	pages={399--412},
	year={1997},
	publisher={Wiley Online Library}
}



@article{bayer2017regularity,
	title={A regularity structure for rough volatility},
	author={Bayer, Christian and Friz, Peter K and Gassiat, Paul and Martin, Joerg and Stemper, Benjamin},
	journal={arXiv preprint arXiv:1710.07481},
	year={2017}
}




@article{dick2013high,
	title={High-dimensional integration: the quasi-Monte Carlo way},
	author={Dick, Josef and Kuo, Frances Y and Sloan, Ian H},
	journal={Acta Numerica},
	volume={22},
	pages={133--288},
	year={2013},
	publisher={Cambridge University Press}
}




@article{bungartz2004sparse,
	title={Sparse grids},
	author={Bungartz, Hans-Joachim and Griebel, Michael},
	journal={Acta numerica},
	volume={13},
	pages={147--269},
	year={2004},
	publisher={Cambridge University Press}
}



@article{griebel2013smoothing,
	title={The smoothing effect of integration in ‚Ñù\^{}$\{$ùïï$\}$ and the ANOVA decomposition},
	author={Griebel, Michael and Kuo, Frances and Sloan, Ian},
	journal={Mathematics of Computation},
	volume={82},
	number={281},
	pages={383--400},
	year={2013}
}



@article{griebel2017note,
	title={Note on ‚ÄúThe smoothing effect of integration in ‚Ñù\^{}$\{$ùïï$\}$ and the ANOVA decomposition‚Äù},
	author={Griebel, Michael and Kuo, Frances and Sloan, Ian},
	journal={Mathematics of Computation},
	volume={86},
	number={306},
	pages={1847--1854},
	year={2017}
}



@article{griewank2017high,
	title={High dimensional integration of kinks and jumps--smoothing by preintegration},
	author={Griewank, Andreas and Kuo, Frances Y and Le{\"o}vey, Hernan and Sloan, Ian H},
	journal={arXiv preprint arXiv:1712.00920},
	year={2017}
}



@article{weng2017efficient,
	title={Efficient Computation of Option Prices and Greeks by Quasi--Monte Carlo Method with Smoothing and Dimension Reduction},
	author={Weng, Chengfeng and Wang, Xiaoqun and He, Zhijian},
	journal={SIAM Journal on Scientific Computing},
	volume={39},
	number={2},
	pages={B298--B322},
	year={2017},
	publisher={SIAM}
}




@book{glasserman2004monte,
	added-at = {2015-02-16T09:29:29.000+0100},
	address = {New York},
	author = {Glasserman, Paul},
	biburl = {https://www.bibsonomy.org/bibtex/2448dd6ebf136393f61f9e28bf24ab190/knaevelboerrar},
	description = {Amazon.com: Monte Carlo Methods in Financial Engineering (Stochastic Modelling and Applied Probability) (v. 53) (9780387004518): Paul Glasserman: Books},
	interhash = {e959d3cad8180e836f2a43e245a99207},
	intrahash = {448dd6ebf136393f61f9e28bf24ab190},
	isbn = {0387004513 9780387004518 1441918221 9781441918222},
	keywords = {economics mathematics},
	publisher = {Springer},
	refid = {52127560},
	timestamp = {2015-02-16T09:29:29.000+0100},
	title = {Monte Carlo methods in financial engineering},
	year = 2004
}


@article{bennedsen2017hybrid,
	title={Hybrid scheme for Brownian semistationary processes},
	author={Bennedsen, Mikkel and Lunde, Asger and Pakkanen, Mikko S},
	journal={Finance and Stochastics},
	volume={21},
	number={4},
	pages={931--965},
	year={2017},
	publisher={Springer}
}



@article{bayer2016pricing,
	title={Pricing under rough volatility},
	author={Bayer, Christian and Friz, Peter and Gatheral, Jim},
	journal={Quantitative Finance},
	volume={16},
	number={6},
	pages={887--904},
	year={2016},
	publisher={Taylor \& Francis}
}


@article{gatheral2014volatility,
	title={Volatility is rough},
	author={Gatheral, Jim and Jaisson, Thibault and Rosenbaum, Mathieu},
	journal={arXiv preprint arXiv:1410.3394},
	year={2014}
}


@inproceedings{gatheral2014volatility_2,
	title={Volatility is rough, part 2: Pricing},
	author={Gatheral, Jim and Jaisson, Thibault and Lesniewski, Andrew and Rosenbaum, Mathieu}
}

@book{carmona2007interest,
	title={Interest Rate Models: an Infinite Dimensional Stochastic Analysis Perspective},
	author={Carmona, R. and Tehranchi, M.R.},
	isbn={9783540270676},
	lccn={2006924286},
	series={Springer Finance},
	url={https://books.google.com.sa/books?id=VML8UDt5cdgC},
	year={2007},
	publisher={Springer Berlin Heidelberg}
}


@article{marquardt2006fractional,
	title={Fractional L{\'e}vy processes with an application to long memory moving average processes},
	author={Marquardt, Tina and others},
	journal={Bernoulli},
	volume={12},
	number={6},
	pages={1099--1126},
	year={2006},
	publisher={Bernoulli Society for Mathematical Statistics and Probability}
}

@book{nualart2006malliavin,
	title={The Malliavin calculus and related topics},
	author={Nualart, David},
	volume={1995},
	year={2006},
	publisher={Springer}
}