
@article{bayersmoothing,
	title={SMOOTHING THE PAYOFF FOR EFFICIENT COMPUTATION OF BASKET OPTION PRICING},
	author={BAYER, CHRISTIAN and SIEBENMORGEN, MARKUS and TEMPONE, RAUL}
}



@article{haji2016multi,
	title={Multi-index stochastic collocation for random PDEs},
	author={Haji-Ali, Abdul-Lateef and Nobile, Fabio and Tamellini, Lorenzo and Tempone, Raul},
	journal={Computer Methods in Applied Mechanics and Engineering},
	volume={306},
	pages={95--122},
	year={2016},
	publisher={Elsevier}
}






@article{bayer2016pricing,
	title={Pricing under rough volatility},
	author={Bayer, Christian and Friz, Peter and Gatheral, Jim},
	journal={Quantitative Finance},
	volume={16},
	number={6},
	pages={887--904},
	year={2016},
	publisher={Taylor \& Francis}
}





@article{mccrickerd2018turbocharging,
  title={Turbocharging Monte Carlo pricing for the rough Bergomi model},
  author={McCrickerd, Ryan and Pakkanen, Mikko S},
  journal={Quantitative Finance},
  pages={1--10},
  year={2018},
  publisher={Taylor \& Francis}
}

@article{romano1997contingent,
	title={Contingent claims and market completeness in a stochastic volatility model},
	author={Romano, Marc and Touzi, Nizar},
	journal={Mathematical Finance},
	volume={7},
	number={4},
	pages={399--412},
	year={1997},
	publisher={Wiley Online Library}
}



@article{bayer2017regularity,
	title={A regularity structure for rough volatility},
	author={Bayer, Christian and Friz, Peter K and Gassiat, Paul and Martin, Joerg and Stemper, Benjamin},
	journal={arXiv preprint arXiv:1710.07481},
	year={2017}
}




@article{dick2013high,
	title={High-dimensional integration: the quasi-Monte Carlo way},
	author={Dick, Josef and Kuo, Frances Y and Sloan, Ian H},
	journal={Acta Numerica},
	volume={22},
	pages={133--288},
	year={2013},
	publisher={Cambridge University Press}
}




@article{bungartz2004sparse,
	title={Sparse grids},
	author={Bungartz, Hans-Joachim and Griebel, Michael},
	journal={Acta numerica},
	volume={13},
	pages={147--269},
	year={2004},
	publisher={Cambridge University Press}
}



@article{griebel2013smoothing,
	title={The smoothing effect of integration in ‚Ñù\^{}$\{$ùïï$\}$ and the ANOVA decomposition},
	author={Griebel, Michael and Kuo, Frances and Sloan, Ian},
	journal={Mathematics of Computation},
	volume={82},
	number={281},
	pages={383--400},
	year={2013}
}



@article{griebel2017note,
	title={Note on ‚ÄúThe smoothing effect of integration in ‚Ñù\^{}$\{$ùïï$\}$ and the ANOVA decomposition‚Äù},
	author={Griebel, Michael and Kuo, Frances and Sloan, Ian},
	journal={Mathematics of Computation},
	volume={86},
	number={306},
	pages={1847--1854},
	year={2017}
}



@article{griewank2017high,
	title={High dimensional integration of kinks and jumps--smoothing by preintegration},
	author={Griewank, Andreas and Kuo, Frances Y and Le{\"o}vey, Hernan and Sloan, Ian H},
	journal={arXiv preprint arXiv:1712.00920},
	year={2017}
}



@article{weng2017efficient,
	title={Efficient Computation of Option Prices and Greeks by Quasi--Monte Carlo Method with Smoothing and Dimension Reduction},
	author={Weng, Chengfeng and Wang, Xiaoqun and He, Zhijian},
	journal={SIAM Journal on Scientific Computing},
	volume={39},
	number={2},
	pages={B298--B322},
	year={2017},
	publisher={SIAM}
}




@book{glasserman2004monte,
	added-at = {2015-02-16T09:29:29.000+0100},
	address = {New York},
	author = {Glasserman, Paul},
	biburl = {https://www.bibsonomy.org/bibtex/2448dd6ebf136393f61f9e28bf24ab190/knaevelboerrar},
	description = {Amazon.com: Monte Carlo Methods in Financial Engineering (Stochastic Modelling and Applied Probability) (v. 53) (9780387004518): Paul Glasserman: Books},
	interhash = {e959d3cad8180e836f2a43e245a99207},
	intrahash = {448dd6ebf136393f61f9e28bf24ab190},
	isbn = {0387004513 9780387004518 1441918221 9781441918222},
	keywords = {economics mathematics},
	publisher = {Springer},
	refid = {52127560},
	timestamp = {2015-02-16T09:29:29.000+0100},
	title = {Monte Carlo methods in financial engineering},
	year = 2004
}


@article{bennedsen2017hybrid,
	title={Hybrid scheme for Brownian semistationary processes},
	author={Bennedsen, Mikkel and Lunde, Asger and Pakkanen, Mikko S},
	journal={Finance and Stochastics},
	volume={21},
	number={4},
	pages={931--965},
	year={2017},
	publisher={Springer}
}



@article{bayer2016pricing,
	title={Pricing under rough volatility},
	author={Bayer, Christian and Friz, Peter and Gatheral, Jim},
	journal={Quantitative Finance},
	volume={16},
	number={6},
	pages={887--904},
	year={2016},
	publisher={Taylor \& Francis}
}


@article{gatheral2018volatility,
  title={Volatility is rough},
  author={Gatheral, Jim and Jaisson, Thibault and Rosenbaum, Mathieu},
  journal={Quantitative Finance},
  volume={18},
  number={6},
  pages={933--949},
  year={2018},
  publisher={Taylor \& Francis}
}


@inproceedings{gatheral2014volatility_2,
	title={Volatility is rough, part 2: Pricing},
	author={Gatheral, Jim and Jaisson, Thibault and Lesniewski, Andrew and 		Rosenbaum, Mathieu},
    publisher={Workshop on Stochastic and Quantitative Finance, Imperial    		College London, London},
    year={2014},
}

@book{carmona2007interest,
	title={Interest Rate Models: an Infinite Dimensional Stochastic Analysis 		Perspective},
	author={Carmona, R. and Tehranchi, M.R.},
	isbn={9783540270676},
	lccn={2006924286},
	series={Springer Finance},
	url={https://books.google.com.sa/books?id=VML8UDt5cdgC},
	year={2007},
	publisher={Springer Berlin Heidelberg}
}


@article{marquardt2006fractional,
	title={Fractional L{\'e}vy processes with an application to long memory moving average processes},
	author={Marquardt, Tina and others},
	journal={Bernoulli},
	volume={12},
	number={6},
	pages={1099--1126},
	year={2006},
	publisher={Bernoulli Society for Mathematical Statistics and Probability}
}

@book{nualart2006malliavin,
	title={The Malliavin calculus and related topics},
	author={Nualart, David},
	volume={1995},
	year={2006},
	publisher={Springer}
}


@book{biagini2008stochastic,
	title={Stochastic Calculus for Fractional Brownian Motion and Applications},
	author={Biagini, F. and Hu, Y. and {\O}ksendal, B. and Zhang, T.},
	isbn={9781846287978},
	lccn={2008920683},
	series={Probability and Its Applications},
	url={https://books.google.com.sa/books?id=ccdwU2NW9f4C},
	year={2008},
	publisher={Springer London}
}



@article{mandelbrot1968fractional,
	title={Fractional Brownian motions, fractional noises and applications},
	author={Mandelbrot, Benoit B and Van Ness, John W},
	journal={SIAM review},
	volume={10},
	number={4},
	pages={422--437},
	year={1968},
	publisher={SIAM}
}



@incollection{coutin07introduction,
	title={An introduction to (stochastic) calculus with respect to fractional Brownian motion},
	author={Coutin, Laure},
	booktitle={S{\'e}minaire de Probabilit{\'e}s XL},
	pages={3--65},
	year={2007},
	publisher={Springer}
}



@book{gatheral2011volatility,
	title={The volatility surface: a practitioner's guide},
	author={Gatheral, Jim},
	volume={357},
	year={2011},
	publisher={John Wiley \& Sons}
}


@incollection{tankov2011pricing,
	title={Pricing and hedging in exponential L{\'e}vy models: review of recent results},
	author={Tankov, Peter},
	booktitle={Paris-Princeton Lectures on Mathematical Finance 2010},
	pages={319--359},
	year={2011},
	publisher={Springer}
}


@article{bayer2018short,
  title={Short-time near-the-money skew in rough fractional volatility models},
  author={Bayer, Christian and Friz, Peter K and Gulisashvili, Archil and Horvath, Blanka and Stemper, Benjamin},
  journal={Quantitative Finance},
  pages={1--20},
  year={2018},
  publisher={Taylor \& Francis}
}

@article{forde2017asymptotics,
	title={Asymptotics for rough stochastic volatility models},
	author={Forde, Martin and Zhang, Hongzhong},
	journal={SIAM Journal on Financial Mathematics},
	volume={8},
	number={1},
	pages={114--145},
	year={2017},
	publisher={SIAM}
}


@article{jacquier2017pathwise,
	title={Pathwise large deviations for the Rough Bergomi model},
	author={Jacquier, Antoine and Pakkanen, Mikko S and Stone, Henry},
	journal={arXiv preprint arXiv:1706.05291},
	year={2017}
}


@article{bennedsen2016decoupling,
	title={Decoupling the short-and long-term behavior of stochastic volatility},
	author={Bennedsen, Mikkel and Lunde, Asger and Pakkanen, Mikko S},
	journal={arXiv preprint arXiv:1610.00332},
	year={2016}
}


@article{bennedsen2017hybrid,
	title={Hybrid scheme for Brownian semistationary processes},
	author={Bennedsen, Mikkel and Lunde, Asger and Pakkanen, Mikko S},
	journal={Finance and Stochastics},
	volume={21},
	number={4},
	pages={931--965},
	year={2017},
	publisher={Springer}
}



@article{bayer2017regularity,
	title={A regularity structure for rough volatility},
	author={Bayer, Christian and Friz, Peter K and Gassiat, Paul and Martin, Joerg and Stemper, Benjamin},
	journal={arXiv preprint arXiv:1710.07481},
	year={2017}
}


@article{el2016characteristic,
	title={The characteristic function of rough Heston models},
	author={El Euch, Omar and Rosenbaum, Mathieu},
	journal={Mathematical Finance},
	year={2016},
	publisher={Wiley Online Library}
}


@article{bajgrowicz2015jumps,
	title={Jumps in high-frequency data: Spurious detections, dynamics, and news},
	author={Bajgrowicz, Pierre and Scaillet, Olivier and Treccani, Adrien},
	journal={Management Science},
	volume={62},
	number={8},
	pages={2198--2217},
	year={2015},
	publisher={INFORMS}
}


@article{christensen2014fact,
	title={Fact or friction: Jumps at ultra high frequency},
	author={Christensen, Kim and Oomen, Roel CA and Podolskij, Mark},
	journal={Journal of Financial Economics},
	volume={114},
	number={3},
	pages={576--599},
	year={2014},
	publisher={Elsevier}
}


@article{jacquier2018vix,
	title={On VIX futures in the rough Bergomi model},
	author={Jacquier, Antoine and Martini, Claude and Muguruza, Aitor},
	journal={Quantitative Finance},
	volume={18},
	number={1},
	pages={45--61},
	year={2018},
	publisher={Taylor \& Francis}
}


@article{jacquier2017pathwise,
	title={Pathwise large deviations for the Rough Bergomi model},
	author={Jacquier, Antoine and Pakkanen, Mikko S and Stone, Henry},
	journal={arXiv preprint arXiv:1706.05291},
	year={2017}
}


@article{horvath2017functional,
	title={Functional central limit theorems for rough volatility},
	author={Horvath, Blanka and Jacquier, Antoine and Muguruza, Aitor},
	year={2017}
}



@article{chronopoulou2012estimation,
	title={Estimation and pricing under long-memory stochastic volatility},
	author={Chronopoulou, Alexandra and Viens, Frederi G},
	journal={Annals of Finance},
	volume={8},
	number={2-3},
	pages={379--403},
	year={2012},
	publisher={Springer}
}


@article{walther2017true,
	title={True or spurious long memory in European non-EMU currencies},
	author={Walther, Thomas and Klein, Tony and Thu, Hien Pham and Piontek, Krzysztof},
	journal={Research in International Business and Finance},
	volume={40},
	pages={217--230},
	year={2017},
	publisher={Elsevier}
}


@article{charfeddine2014true,
	title={True or spurious long memory in volatility: Further evidence on the energy futures markets},
	author={Charfeddine, Lanouar},
	journal={Energy policy},
	volume={71},
	pages={76--93},
	year={2014},
	publisher={Elsevier}
}


@article{rypdal2013modeling,
	title={Modeling electricity spot prices using mean-reverting multifractal processes},
	author={Rypdal, Martin and L{\o}vsletten, Ola},
	journal={Physica A: Statistical Mechanics and its Applications},
	volume={392},
	number={1},
	pages={194--207},
	year={2013},
	publisher={Elsevier}
}


@article{bennedsen2015rough,
	title={Rough electricity: a new fractal multi-factor model of electricity spot prices},
	author={Bennedsen, Mikkel and others},
	year={2015}
}



@article{fukasawa2011asymptotic,
	title={Asymptotic analysis for stochastic volatility: martingale expansion},
	author={Fukasawa, Masaaki},
	journal={Finance and Stochastics},
	volume={15},
	number={4},
	pages={635--654},
	year={2011},
	publisher={Springer}
}



@article{mandelbrot1968fractional,
	title={Fractional Brownian motions, fractional noises and applications},
	author={Mandelbrot, Benoit B and Van Ness, John W},
	journal={SIAM review},
	volume={10},
	number={4},
	pages={422--437},
	year={1968},
	publisher={SIAM}
}



@article{bergomi2005smile,
	title={Smile dynamics II},
	author={Bergomi, Lorenzo},
	journal={Risk},
	volume={18},
	pages={67‚Äì-73},
	year={2005}
}


@article{morokoff1994quasi,
	title={Quasi-random sequences and their discrepancies},
	author={Morokoff, William J and Caflisch, Russel E},
	journal={SIAM Journal on Scientific Computing},
	volume={15},
	number={6},
	pages={1251--1279},
	year={1994},
	publisher={SIAM}
}


@incollection{acworth1998comparison,
	title={A comparison of some Monte Carlo and quasi Monte Carlo techniques for option pricing},
	author={Acworth, Peter A and Broadie, Mark and Glasserman, Paul},
	booktitle={Monte Carlo and Quasi-Monte Carlo Methods 1996},
	pages={1--18},
	year={1998},
	publisher={Springer}
}


@incollection{imai2004minimizing,
	title={Minimizing effective dimension using linear transformation},
	author={Imai, Junichi and Tan, Ken Seng},
	booktitle={Monte Carlo and Quasi-Monte Carlo Methods 2002},
	pages={275--292},
	year={2004},
	publisher={Springer}
}



@article{talay1990expansion,
	title={Expansion of the global error for numerical schemes solving stochastic differential equations},
	author={Talay, Denis and Tubaro, Luciano},
	journal={Stochastic analysis and applications},
	volume={8},
	number={4},
	pages={483--509},
	year={1990},
	publisher={Taylor \& Francis}
}




@book{caflisch1997valuation,
	title={Valuation of mortgage backed securities using Brownian bridges to reduce effective dimension},
	author={Caflisch, Russel E and Morokoff, William J and Owen, Art B},
	year={1997}
}


@article{moskowitz1996smoothness,
	title={Smoothness and dimension reduction in quasi-Monte Carlo methods},
	author={Moskowitz, Bradley and Caflisch, Russel E},
	journal={Mathematical and Computer Modelling},
	volume={23},
	number={8},
	pages={37--54},
	year={1996},
	publisher={Oxford; New York: Pergamon Press, c1988-}
}



@article{alos2007short,
  title={On the short-time behavior of the implied volatility for jump-diffusion models with stochastic volatility},
  author={Al{\`o}s, Elisa and Le{\'o}n, Jorge A and Vives, Josep},
  journal={Finance and Stochastics},
  volume={11},
  number={4},
  pages={571--589},
  year={2007},
  publisher={Springer}
}



@article{neuenkirch2016order,
  title={The Order Barrier for Strong Approximation of Rough Volatility Models},
  author={Neuenkirch, Andreas and Shalaiko, Taras},
  journal={arXiv preprint arXiv:1606.03854},
  year={2016}
}



@article{marinucci1999alternative,
  title={Alternative forms of fractional Brownian motion},
  author={Marinucci, Domenico and Robinson, Peter M},
  journal={Journal of statistical planning and inference},
  volume={80},
  number={1-2},
  pages={111--122},
  year={1999},
  publisher={Elsevier}
}


@incollection{picard2011representation,
  title={Representation formulae for the fractional Brownian motion},
  author={Picard, Jean},
  booktitle={S{\'e}minaire de Probabilit{\'e}s XLIII},
  pages={3--70},
  year={2011},
  publisher={Springer}
}
