@article{ninomiya2008weak,
  title={Weak approximation of stochastic differential equations and application to derivative pricing},
  author={Ninomiya, Syoiti and Victoir, Nicolas},
  journal={Applied Mathematical Finance},
  volume={15},
  number={2},
  pages={107--121},
  year={2008},
  publisher={Taylor \& Francis}
}