@article{bayer2018hierarchical,
  title={Hierarchical adaptive sparse grids for option pricing under the rough Bergomi model},
  author={Bayer, Christian and Hammouda, Chiheb Ben and Tempone, Raul},
  journal={arXiv preprint arXiv:1812.08533},
  year={2018}
}