

@article{bayer2018hierarchical,
  title={Hierarchical adaptive sparse grids for option pricing under the rough Bergomi model},
  author={Bayer, Christian and Hammouda, Chiheb Ben and Tempone, Raul},
  journal={arXiv preprint arXiv:1812.08533},
  year={2018}
}












@article{bayer2016pricing,
	title={Pricing under rough volatility},
	author={Bayer, Christian and Friz, Peter and Gatheral, Jim},
	journal={Quantitative Finance},
	volume={16},
	number={6},
	pages={887--904},
	year={2016},
	publisher={Taylor \& Francis}
}





@article{mccrickerd2018turbocharging,
  title={Turbocharging {M}onte {C}arlo pricing for the rough {B}ergomi model},
  author={McCrickerd, Ryan and Pakkanen, Mikko S},
  journal={Quantitative Finance},
  pages={1--10},
  year={2018},
  publisher={Taylor \& Francis}
}

@article{romano1997contingent,
	title={Contingent claims and market completeness in a stochastic volatility model},
	author={Romano, Marc and Touzi, Nizar},
	journal={Mathematical Finance},
	volume={7},
	number={4},
	pages={399--412},
	year={1997},
	publisher={Wiley Online Library}
}



@article{bayer2017regularity,
	title={A regularity structure for rough volatility},
	author={Bayer, Christian and Friz, Peter K and Gassiat, Paul and Martin, Joerg and Stemper, Benjamin},
	journal={arXiv preprint arXiv:1710.07481},
	year={2017}
}





@book{glasserman2004monte,
	added-at = {2015-02-16T09:29:29.000+0100},
	address = {New York},
	author = {Glasserman, Paul},
	biburl = {https://www.bibsonomy.org/bibtex/2448dd6ebf136393f61f9e28bf24ab190/knaevelboerrar},
	description = {Amazon.com: Monte Carlo Methods in Financial Engineering (Stochastic Modelling and Applied Probability) (v. 53) (9780387004518): Paul Glasserman: Books},
	interhash = {e959d3cad8180e836f2a43e245a99207},
	intrahash = {448dd6ebf136393f61f9e28bf24ab190},
	isbn = {0387004513 9780387004518 1441918221 9781441918222},
	keywords = {economics mathematics},
	publisher = {Springer},
	refid = {52127560},
	timestamp = {2015-02-16T09:29:29.000+0100},
	title = {Monte {C}arlo methods in financial engineering},
	year = 2004
}


@article{bennedsen2017hybrid,
	title={Hybrid scheme for {B}rownian semistationary processes},
	author={Bennedsen, Mikkel and Lunde, Asger and Pakkanen, Mikko S},
	journal={Finance and Stochastics},
	volume={21},
	number={4},
	pages={931--965},
	year={2017},
	publisher={Springer}
}






@article{gatheral2018volatility,
  title={Volatility is rough},
  author={Gatheral, Jim and Jaisson, Thibault and Rosenbaum, Mathieu},
  journal={Quantitative Finance},
  volume={18},
  number={6},
  pages={933--949},
  year={2018},
  publisher={Taylor \& Francis}
}











@article{bennedsen2016decoupling,
	title={Decoupling the short-and long-term behavior of stochastic volatility},
	author={Bennedsen, Mikkel and Lunde, Asger and Pakkanen, Mikko S},
	journal={arXiv preprint arXiv:1610.00332},
	year={2016}
}






@article{bayer2017regularity,
	title={A regularity structure for rough volatility},
	author={Bayer, Christian and Friz, Peter K and Gassiat, Paul and Martin, Joerg and Stemper, Benjamin},
	journal={arXiv preprint arXiv:1710.07481},
	year={2017}
}









@article{morokoff1994quasi,
	title={Quasi-random sequences and their discrepancies},
	author={Morokoff, William J and Caflisch, Russel E},
	journal={SIAM Journal on Scientific Computing},
	volume={15},
	number={6},
	pages={1251--1279},
	year={1994},
	publisher={SIAM}
}






@article{talay1990expansion,
	title={Expansion of the global error for numerical schemes solving stochastic differential equations},
	author={Talay, Denis and Tubaro, Luciano},
	journal={Stochastic analysis and applications},
	volume={8},
	number={4},
	pages={483--509},
	year={1990},
	publisher={Taylor \& Francis}
}



@article{moskowitz1996smoothness,
	title={Smoothness and dimension reduction in quasi-{M}onte {C}arlo methods},
	author={Moskowitz, Bradley and Caflisch, Russel E},
	journal={Mathematical and Computer Modelling},
	volume={23},
	number={8},
	pages={37--54},
	year={1996},
	publisher={Oxford; New York: Pergamon Press, c1988-}
}





@article{neuenkirch2016order,
  title={The Order Barrier for Strong Approximation of Rough Volatility Models},
  author={Neuenkirch, Andreas and Shalaiko, Taras},
  journal={arXiv preprint arXiv:1606.03854},
  year={2016}
}








@misc{nuyens2014construction,
  title={The construction of good lattice rules and polynomial lattice rules.},
  author={Nuyens, Dirk},
  year={2014}
}



@article{sloan1985lattice,
  title={Lattice methods for multiple integration},
  author={Sloan, Ian H},
  journal={Journal of Computational and Applied Mathematics},
  volume={12},
  pages={131--143},
  year={1985},
  publisher={North-Holland}
}